
@misc{tmc2209,
	title = {TMC2209 Datasheet},
	howpublished = {\url{https://www.trinamic.com/fileadmin/assets/Products/ICs_Documents/TMC2209_Datasheet_V103.pdf}},
	note = {Accessed: 2022-12-29}
}
@misc{tiny2040,
	title = {Tiny 2040},
	howpublished = {\url{https://pimoroni.com/tiny2040}},
	note = {Accessed: 2022-12-29}
}
@misc{rp2040,
	title = {RP2040 Datasheet},
	howpublished = {\url{https://datasheets.raspberrypi.com/rp2040/rp2040-datasheet.pdf}},
	note = {Accessed: 2022-12-29}
}
@misc{sdk,
	title = {Raspberry Pi Pico SDK},
	howpublished = {\url{https://github.com/raspberrypi/pico-sdk}},
	note = {Accessed: 2022-12-29}
}
